
@ARTICLE{cris1,
   author = {{Han}, Y. and {Revercomb}, H. and {Cromp}, M. and {Gu}, D. and 
	{Johnson}, D. and {Mooney}, D. and {Scott}, D. and {Strow}, L. and 
	{Bingham}, G. and {Borg}, L. and {Chen}, Y. and {DeSlover}, D. and 
	{Esplin}, M. and {Hagan}, D. and {Jin}, X. and {Knuteson}, R. and 
	{Motteler}, H. and {Predina}, J. and {Suwinski}, L. and {Taylor}, J. and 
	{Tobin}, D. and {Tremblay}, D. and {Wang}, C. and {Wang}, L. and 
	{Wang}, L. and {Zavyalov}, V.},
    title = "{Suomi NPP CrIS measurements, sensor data record algorithm, calibration and validation activities, and record data quality}",
  journal = {Journal of Geophysical Research (Atmospheres)},
 keywords = {CrIS, CrIS SDR, Suomi NPP, JPSS, calibration, validation},
     year = 2013,
    month = nov,
   volume = 118,
   number = {D17},
    pages = {12734},
      doi = {10.1002/2013JD020344},
   adsurl = {http://adsabs.harvard.edu/abs/2013JGRD..11812734H},
  adsnote = {Provided by the SAO/NASA Astrophysics Data System}
}

@ARTICLE{cris2,
   author = {{Strow}, L.~L. and {Motteler}, H. and {Tobin}, D. and {Revercomb}, H. and 
	{Hannon}, S. and {Buijs}, H. and {Predina}, J. and {Suwinski}, L. and 
	{Glumb}, R.},
    title = "{Spectral calibration and validation of the Cross-track Infrared Sounder on the Suomi NPP satellite}",
  journal = {Journal of Geophysical Research (Atmospheres)},
 keywords = {calibration, infrared, sounder, spectral},
     year = 2013,
    month = nov,
   volume = 118,
   number = {D17},
    pages = {12486},
      doi = {10.1002/2013JD020480},
   adsurl = {http://adsabs.harvard.edu/abs/2013JGRD..11812486S},
  adsnote = {Provided by the SAO/NASA Astrophysics Data System}
}

@ARTICLE{airs1,
   author = {{Aumann}, H.~H. and {Chahine}, M.~T. and {Gautier}, C. and {Goldberg}, M.~D. and 
	{Kalnay}, E. and {McMillin}, L.~M. and {Revercomb}, H. and {Rosenkranz}, P.~W. and 
	{Smith}, W.~L. and {Staelin}, D.~H. and {Strow}, L.~L. and {Susskind}, J.
	},
    title = "{AIRS/AMSU/HSB on the aqua mission: design, science objectives, data products, and processing systems}",
  journal = {IEEE Transactions on Geoscience and Remote Sensing},
     year = 2003,
    month = feb,
   volume = 41,
    pages = {253-264},
      doi = {10.1109/TGRS.2002.808356},
   adsurl = {http://adsabs.harvard.edu/abs/2003ITGRS..41..253A},
  adsnote = {Provided by the SAO/NASA Astrophysics Data System}
}

@ARTICLE{iasi1,
   author = {{Hilton}, F. and {Armante}, R. and {August}, T. and {Barnet}, C. and 
	{Bouchard}, A. and {Camy-Peyret}, C. and {Capelle}, V. and {Clarisse}, L. and 
	{Clerbaux}, C. and {Coheur}, P.-F. and {Collard}, A. and {Crevoisier}, C. and 
	{Dufour}, G. and {Edwards}, D. and {Faijan}, F. and {Fourri{\'e}}, N. and 
	{Gambacorta}, A. and {Goldberg}, M. and {Guidard}, V. and {Hurtmans}, D. and 
	{Illingworth}, S. and {Jacquinet-Husson}, N. and {Kerzenmacher}, T. and 
	{Klaes}, D. and {Lavanant}, L. and {Masiello}, G. and {Matricardi}, M. and 
	{McNally}, A. and {Newman}, S. and {Pavelin}, E. and {Payan}, S. and 
	{P{\'e}quignot}, E. and {Peyridieu}, S. and {Phulpin}, T. and 
	{Remedios}, J. and {Schl{\"u}ssel}, P. and {Serio}, C. and {Strow}, L. and 
	{Stubenrauch}, C. and {Taylor}, J. and {Tobin}, D. and {Wolf}, W. and 
	{Zhou}, D.},
    title = "{Hyperspectral Earth Observation from IASI: Five Years of Accomplishments}",
  journal = {Bulletin of the American Meteorological Society},
     year = 2012,
    month = mar,
   volume = 93,
    pages = {347-370},
      doi = {10.1175/BAMS-D-11-00027.1},
   adsurl = {http://adsabs.harvard.edu/abs/2012BAMS...93..347H},
  adsnote = {Provided by the SAO/NASA Astrophysics Data System}
}

@article {sarta2,
   author = {Strow, L. L. and Hannon, S. E. and De-Souza Machado,
                  S. and Motteler, H. E. and Tobin, D. C.},
    title = {Validation of the Atmospheric Infrared Sounder radiative
                  transfer algorithm},
  journal = {Journal of Geophysical Research: Atmospheres},
   volume = {111},
   number = {D9},
     issn = {2156-2202},
      url = {http://dx.doi.org/10.1029/2005JD006146},
      doi = {10.1029/2005JD006146},
 keywords = {Radiative processes, Meteorology, remote sensing,
                  radiative transfer, infrared spectroscopy},
     year = {2006},
     note = {D09S06}
}

@ARTICLE{sarta1,
author={Strow, L.L. and Hannon, S.E. and De Souza-Machado, S. and
                  Motteler, H.E. and Tobin, D.},
journal={Geoscience and Remote Sensing, IEEE Transactions on},
title={An overview of the AIRS radiative transfer model},
year={2003},
volume={41},
number={2},
pages={303-313},
keywords={atmospheric radiation, atmospheric spectra, infrared 
          spectroscopy, radiative transfer, remote sensing},
doi={10.1109/TGRS.2002.808244},
ISSN={0196-2892},
month={Feb}
}

@article{kcarta1,
author = "L. Larrabee Strow and Howard E. Motteler and Robert
                  G. Benson and Scott E. Hannon and Sergio
                  De~Souza-Machado",
title = "Fast computation of monochromatic infrared atmospheric
                  transmittances using compressed look-up tables ",
journal = "Journal of Quantitative Spectroscopy and Radiative Transfer ",
volume = "59",
number = "3 - 5",
pages = "481 - 493",
year = "1998",
note = "Atmospheric Spectroscopy Applications 96 ",
issn = "0022-4073",
doi = "http://dx.doi.org/10.1016/S0022-4073(97)00169-6",
url = "http://www.sciencedirect.com/science/article/pii/S0022407397001696"
}

@article{zav2013,
author = {Zavyalov, Vladimir and Esplin, Mark and Scott, Deron and Esplin, Benjamin and Bingham, Gail and Hoffman, Erik and Lietzke, Christopher and Predina, Joseph and Frain, Rebecca and Suwinski, Lawrence and Han, Yong and Major, Charles and Graham, Brandon and Phillips, Lee},
title = {Noise performance of the {CrIS} instrument},
journal = {Journal of Geophysical Research: Atmospheres},
volume = {118},
number = {23},
issn = {2169-8996},
url = {http://dx.doi.org/10.1002/2013JD020457},
doi = {10.1002/2013JD020457},
pages = {13,108--13,120},
keywords = {Instruments and techniques, General or miscellaneous, JPSS, Suomi NPP, CrIS, calibration, validation, noise},
year = {2013},
note = {2013JD020457}
}

@techreport{a1c:atbd,
  author = {{Manning}, E.~M. and {Aumann}, H.~H. and {Elliott}, D.~A. and {Strow}, L.~L.},
  title = "{AIRS Level 1C Algorithm Theoretical Basis}",
  institution = {Jet Propulsion Laboratory},
  year = 2015,
  month = jan,
  type = "Version 3.0",
  url = {http://eospso.gsfc.nasa.gov/sites/default/files/atbd/V6.1.0_201_AIRS_L1C_ATBD.pdf},
}

@techreport{a1c:user,
  author = {{Manning}, E.~M. and {Aumann}, H.~H. and {Ruzmaikin}, A.},
  title = "{AIRS Level 1C Product User Guide}",
  institution = {Jet Propulsion Laboratory},
  year = 2015,
  month = mar,
  type = "Version 1.01",
  url = {https://docserver.gesdisc.eosdis.nasa.gov/repository/Mission/AIRS/3.3_ScienceDataProductDocumentation/3.3.4_ProductGenerationAlgorithms/AIRS_L1C_UserGuide.pdf},
}
                  
@misc{wiki:gauss,
   author = "{Wikipedia contributors}",
   title = "Gaussian function",
   howpublished = "\url{https://en.wikipedia.org/wiki/Gaussian_function}",
   note = "Accessed 12 Nov 2017"
 }

@misc{wiki:pinv,
   author = "{Wikipedia contributors}",
   title = "{Moore--Penrose inverse}",
   howpublished = "\url{https://en.wikipedia.org/wiki/Moore%E2%80%93Penrose_inverse}",
   note = "Accessed 12 Nov 2017"
 }

@misc{wiki:wind,
   author = "{Wikipedia contributors}",
   title = "Window function",
   howpublished = "\url{https://en.wikipedia.org/w/index.php?title=Window_function}",
   note = "Accessed 12 Nov 2017"
  }                  

@misc{git:decon,
  author = {Motteler, H. E. and Strow, L. L.},
  title = {Deconvolution and Translation Between High Spectral Resolution {IR} Sounders},
  year = {2016},
  publisher = {GitHub},
  journal = {GitHub repository},
  howpublished = {\url{https://github.com/strow/airs_deconv/blob/master/decon.pdf}}
}

@misc{git:acsamp,
  author = {Motteler, H. E. and Strow, L. L.},
  title = {{AIRS} and {CrIS} Sampling Comparisons},
  year = {2017},
  publisher = {GitHub},
  journal = {GitHub repository},
  howpublished = {\url{https://github.com/motteler/cris_telecon/blob/master/airs_cris_obs/airs_cris.pdf}}
}
                  
@misc{git:finterp,
  author = {Motteler, H. E. and Strow, L. L.},
  title = {{Interferometric Interpolation}},
  year = {2014},
  publisher = {GitHub},
  journal = {GitHub repository},
  howpublished = {\url{https://github.com/strow/airs_deconv/blob/master/doc/finterp.pdf}}
}

@misc{git:ccast,
  author = {Motteler, H. E. and Strow, L. L. and Mooney, D. and Tobin, D.},
  title = {ccast: {CrIS} Calibration Algorithm and Sensor Testbed},
  year = {2014},
  publisher = {GitHub},
  journal = {GitHub repository},
  howpublished = {\url{https://github.com/strow/ccast}}
}

@techreport{sno1,
  author = {Hepplewhite, C. and {Strow}, L.~L.},
  title = "{A Hyper-Spectral Multi-Sensor Infrared Radiance Data Record for
            Climate Trending: Validation using Simultaneous Nadir Observations}",
  institution = {UMBC/JCET},
  year = 2017,
  type = "in preparation",
  journal = {GitHub repository},
  howpublished = {\url{https://github.com/clhepp/sno_paper_2016/blob/master/SNO_paper_2016.pdf}}
}

